<?xml version="1.0" encoding="UTF-8"?><record xmlns="http://www.loc.gov/MARC21/slim" xmlns:cinclude="http://apache.org/cocoon/include/1.0" xmlns:zs="http://www.loc.gov/zing/srw/">
  <leader>00566cz  a2200145n  4500</leader>
  <controlfield tag="001">n  78049249 </controlfield>
  <controlfield tag="003">DLC</controlfield>
  <controlfield tag="005">20120803075007.0</controlfield>
  <controlfield tag="008">780808n| aaannaab           |b aaa      </controlfield>
  <datafield tag="010" ind1=" " ind2=" ">
    <subfield code="a">n  78049249 </subfield>
  </datafield>
  <datafield tag="040" ind1=" " ind2=" ">
    <subfield code="a">DLC</subfield>
    <subfield code="b">eng</subfield>
    <subfield code="c">DLC</subfield>
    <subfield code="d">DLC</subfield>
  </datafield>
  <datafield tag="100" ind1="1" ind2=" ">
    <subfield code="a">I︠A︡nkivsʹka, O. P.</subfield>
  </datafield>
  <datafield tag="400" ind1="1" ind2=" ">
    <subfield code="a">I︠A︡nkovskai︠a︡, Olʹga Petrovna</subfield>
  </datafield>
  <datafield tag="667" ind1=" " ind2=" ">
    <subfield code="a">THIS 1XX FIELD CANNOT BE USED UNDER RDA UNTIL THIS RECORD HAS BEEN REVIEWED AND/OR UPDATED</subfield>
  </datafield>
  <datafield tag="670" ind1=" " ind2=" ">
    <subfield code="a">Artemova, L. V. Dydaktychni ihry ... 1977 (a.e.)</subfield>
    <subfield code="b">t.p. (O. P. I︠A︡nkivsʹka) colophon (Olʹga Petrovna I︠A︡nkovskai︠a︡)</subfield>
  </datafield>
</record>